<?xml version="1.0" encoding="UTF-8"?><collection xmlns="http://www.loc.gov/MARC21/slim"><record><leader>00441nam--2200121-i-4500</leader><controlfield tag="001">000039403</controlfield><controlfield tag="002">20161230</controlfield><controlfield tag="005">20161230201042</controlfield><controlfield tag="008">060222s1000------------r-----000-0-eng-d</controlfield><datafield ind1=" " ind2=" " tag="080"><subfield code="a">669.14.018.462</subfield></datafield><datafield ind1=" " ind2=" " tag="245"><subfield code="a">Prelucrarea si tratamentul termic al otelului de cementare crom-mangan aliat cu titan, ca inlocuitor al otelurilor de cementare crom-nichel. din experienta uzinei 1 mai ploiesti</subfield></datafield><datafield ind1=" " ind2=" " tag="260"><subfield code="a">Bucuresti, I.D.T., 1956, 23p</subfield></datafield><datafield ind1=" " ind2=" " tag="852"><subfield code="a">26511</subfield></datafield></record></collection>